
\usepackage[utf8]{inputenc}
\usepackage[francais]{babel}
\usepackage[T1]{fontenc}
  
@Article{ShortReview,
title={A Short Review on Model Order Based on Proper Generalized Decomposition},
author={F. Chinesta AND P. Ladevèze AND E. Cueto},
journal={Computational Methods in Engineering},
volume={Vol 18},
year={2011},
pages={pp 395-404},
note={Issue 4},
}
@Article{DDAS,
title={Proper Generalized Decomposition based dynamic data-driven control of thermal processes},
author={Ch. Ghnatios AND F. Masson AND A. Huerta AND A. Leygue AND E. Cueto AND F. Chinesta},
journal={Computer Methods in Applied Mechanics and Engineering},
volume={Vol 213-216},
year={2012},
pages={pp 29-41},
}
@Article{LATIN1,
title={Sur une famille d'algorithmes en Mécanique des structures},
author={P. Ladevèze AND G. Duvaut},
journal={Compte rendu de l'académie des Sciences},
volume={Vol 300},
year={1985},
pages={pp 41-44},
note={No. 2},
}
@Article{LATIN2,
title={La méthode à grand incrément de temps pour l'analyse de structures à comportement non linéaire décrit par variables internes},
author={P. Ladevèze},
journal={Compte rendu de l'académie des Sciences},
volume={Vol 309},
year={1989},
pages={pp 1095-1099},
note={No. 2},
}
@Article{Paradigm,
title={Proper Generalized Decomposition in Extreme Simulations: Towards a Change of Paradigm in Computational Mechanics},
author={F. Chinesta AND P. Ladevèze AND A. Ammar AND E. Cueto AND A. Nouy},
journal={IACM expressions},
volume={No 26},
year={2009},
pages={pp 2-7},
}
@Article{ERMT,
title={Equivalent reduced model technique development for nonlinear system dynamic response},
author={L. Thibault AND P. Avitabile AND J. Foley AND J. Wolfson},
journal={Mechanical Systems and Signal Processing},
volume={Vol 36},
year={2013},
pages={pp 422–455},
note={Issue 2},
month={Avril},
}
%--------------------------------Non cite
@Article{Overview,
title={An overview of the proper generalized decomposition with applications in computational rheology},
author={F. Chinesta AND A. Ammar AND A. Leygue AND R. Keunings},
journal={Journal of Non-Newtonian Fluid Mechanics},
volume={Vol 166},
year={2011},
pages={pp 578–592},
note={Issue 11},
}
%--------------------------------Non cite
@Article{PARAFAC,
title={Multiparametric response surface construction by means of proper generalized decomposition: An extension of the PARAFAC procedure},
author={F. El Halabi AND D. Gonzalez AND A. Chico-Roca AND M. Doblaré},
journal={Computer Methods in Applied Mechanics and Engineering},
volume={Vol 253},
year={2013},
pages={pp 543–557},
month={Janvier},
}
@Article{Galerkin,
title={Numerical strategies for the Garlerkin-proper generalized decomposition method},
author={A. Falco AND L. Hilario AND N. Montés AND M.C. Mora},
journal={Mathematical and Computer Modelling},
volume={Vol 57},
year={2013},
pages={pp 1694–1702},
month={Avril},
note={Issues 7–8},
}
@Article{Garanteed,
title={Toward garanteed PGD-reduced models},
author={L. Chamoin, P. Ladevèze},
journal={Bytes and Science},
volume={},
year={2012},
pages={},
note={CIMNE Barcelona},
}
@Article{Chatterjee,
title={An introduction to the proper orthogonal decomposition},
author={A. Chatterjee},
journal={Current science},
volume={Vol 78 N°7},
year={2000},
pages={pp 808-817},
}
@Article{LATINmultiscale,
title={The LATIN multiscale computational method and the Proper Generalized Decomposition},
author={P. Ladevèze AND J.-C. Passieux AND D. Néron},
journal={Computer Methods in Applied Mechanics and Engineering},
volume={Vol 199},
year={2010},
pages={pp 1287–1296},
note={Issues 21–22},
}
@Article{QUIC-SVD,
title={QUIC-SVD: Fast SVD using cosine trees},
author={P. Holmes AND A. Gray AND C.L. Isbell Jr.},
journal={NIPS},
volume={},
year={2008},
pages={pp 673-680},
note={},
}
@Article{performante,
title={La méthode PGD appliquée à l'équation de la chaleur non-linéaire : vers une formulation performante},
author={P. Joyot AND N. Bur AND F. Chinesta AND P. Villon},
journal={CSMA},
volume={11ieme Colloque National en Calcul des Structures},
year={2013},
pages={},
month={Mai},
}
@Article{fonderie,
title={Méthode PGD pour non linéarité matériaux appliquée à la fonderie},
author={P. Despret AND J.-L. Dulong AND F. Druesne AND P. Villon},
journal={CSMA},
volume={11ieme Colloque National en Calcul des Structures},
year={2013},
pages={},
month={Mai},
}


@article{nouy2010priori,
  title={A priori model reduction through proper generalized decomposition for solving time-dependent partial differential equations},
  author={Anthony Nouy},
  journal={Computer Methods in Applied Mechanics and Engineering},
  volume={199},
  number={23},
  pages={1603--1626},
  year={2010},
  publisher={Elsevier}
}

@article{bognet2012advanced,
  title={Advanced simulation of models defined in plate geometries: 3D solutions with 2D computational complexity},
  author={B. Bognet and F. Bordeu and F. Chinesta and A. Leygue and A. Poitou},
  journal={Computer Methods in Applied Mechanics and Engineering},
  volume={201},
  pages={1--12},
  year={2012},
  publisher={Elsevier}
}

@article{courard2013abaques,
  title={Abaques virtuels pour l'optimisation g{\'e}om{\'e}trique de structures},
  author={Amaury Courard and David N{\'e}ron and Pierre Ladev{\`e}ze and Philippe Andolfatto and Alain Bergerot},
  journal={21{\`e}me Congr{\`e}s Fran{\c{c}}ais de M{\'e}canique, 26 au 30 ao{\^u}t 2013, Bordeaux, France (FR)},
  year={2013},
  publisher={AFM, Maison de la M{\'e}canique, 39/41 rue Louis Blanc, 92400 Courbevoie, France (FR)}
}

@article{boucinha2014ideal,
  title={Ideal minimal residual-based proper generalized decomposition for non-symmetric multi-field models--Application to transient elastodynamics in space-time domain},
  author={Lucas Boucinha and Amine Ammar and Anthony Gravouil and Anthony Nouy},
  journal={Computer Methods in Applied Mechanics and Engineering},
  volume={273},
  pages={56--76},
  year={2014},
  publisher={Elsevier}
}

@article{louf2013fast,
  title={Fast validation of stochastic structural models using a PGD reduction scheme},
  author={Louf, F and Champaney, L},
  journal={Finite Elements in Analysis and Design},
  volume={70},
  pages={44--56},
  year={2013},
  publisher={Elsevier}
}

@inproceedings{ghnatios2011strategies,
  title={Strat{\'e}gies avanc{\'e}es d'optimisation et analyse inverse bas{\'e}es sur l'utilisation de la PGD},
  author={Ghnatios, Chady and Chinesta, Francisco and Leygue, Adrien and Villon, Pierre and Breitkopf, Piotr and Poitou, Arnaud and others},
  booktitle={10e colloque national en calcul des structures},
  year={2011}
}

@article{boucinha2013space,
  title={Space--time proper generalized decompositions for the resolution of transient elastodynamic models},
  author={Lucas Boucinha and Anthony Gravouil and Amine Ammar},
  journal={Computer Methods in Applied Mechanics and Engineering},
  volume={255},
  pages={67--88},
  year={2013},
  publisher={Elsevier}
}

@article{ammar2014parametric,
  title={Parametric solutions involving geometry: a step towards efficient shape optimization},
  author={Amine Ammar and Antonio Huerta and Francisco Chinesta and El{\'\i}as Cueto and Adrien Leygue},
  journal={Computer Methods in Applied Mechanics and Engineering},
  volume={268},
  pages={178--193},
  year={2014},
  publisher={Elsevier}
}

@article{pelle2000efficient,
  title={An efficient adaptive strategy to master the global quality of viscoplastic analysis},
  author={J.-P. Pelle and D. Ryckelynck},
  journal={Computers \& Structures},
  volume={78},
  number={1},
  pages={169--183},
  year={2000},
  publisher={Elsevier}
}

@article{ghnatios2011methodological,
  title={Methodological approach to efficient modeling and optimization of thermal processes taking place in a die: application to pultrusion},
  author={Ch. Ghnatios and F. Chinesta and E. Cueto and A. Leygue and A. Poitou and P. Breitkopf and P. Villon},
  journal={Composites Part A: Applied Science and Manufacturing},
  volume={42},
  number={9},
  pages={1169--1178},
  year={2011},
  publisher={Elsevier}
}