\usepackage[utf8]{inputenc}
\usepackage[francais]{babel}
\usepackage[T1]{fontenc}
  
@book{Creation,
title={Nonlinear Computational Structural Mechanics - New Approaches and Non-Incremental Methods of Calculation},
author={P. Ladeveze},
publisher={Springer-Verlag},
address={New York},
year={1999},
}
@book{ladeveze1999nonlinear,
author = {Pierre Ladev\`{e}ze},
publisher = {Springer Berlin},
address={New York},
title = {{Nonlinear computational structural mechanics: new approaches and non-incremental methods of calculation}},
year = {1999}
}

@Article{Newmark,
title={A method of computation for structural dynamics},
author={N. M. Newmark},
journal={Journal of Engineering Mechanics},
volume={85},
year={1958},
pages={67-94},
}

@Article{ShortReview,
title={A Short Review on Model Order Based on {P}roper {G}eneralized {D}ecomposition},
author={F. Chinesta AND P. Ladeveze AND E. Cueto},
journal={Computational Methods in Engineering},
volume={18(4)},
year={2011},
pages={395-404},
}

@Article{ElasticVisco,
title={A model reduction technique based on the {PGD} for elastic-viscoplastic computational analysis},
author={N. Relun AND D. Neron AND P.-A. Boucard},
journal={Computational Mechanics},
volume={51},
year={2013},
pages={83-92},
}

@Article{Parametrized,
title={A rational strategy for the resolution of parametrized problems in the {PGD} framework},
author={C. Heyberger AND P.-A. Boucard AND D. Neron},
journal={Computer Methods in Applied Mechanics \& Engineering},
volume={259},
year={2013},
pages={40-49},
}

@Article{Multidimensional,
title={Recent Advances And New Challenges In the Use Of The {P}roper {G}eneralized {D}ecomposition For Solving Multidimensional Models},
author={F. Chinesta AND A. Ammar AND E. Cueto},
journal={Archives of Computational Methods in Engineering},
volume={17},
year={2009},
pages={327-350},
}

@Book{PCA,
title={{P}rincipal {C}omponent {A}nalysis},
author={I.-T. Jolliffe},
publisher = {Springer},
edition = {Second},
year={2002},
abstract = {{Principal component analysis is central to the study of multivariate data. Although one of the earliest multivariate techniques it continues to be the subject of much research, ranging from new model- based approaches to algorithmic ideas from neural networks. It is extremely versatile with applications in many disciplines. The first edition of this book was the first comprehensive text written solely on principal component analysis. The second edition updates and substantially expands the original version, and is once again the definitive text on the subject. It includes core material, current research and a wide range of applications. Its length is nearly double that of the first edition. Researchers in statistics, or in other fields that use principal component analysis, will find that the book gives an authoritative yet accessible account of the subject. It is also a valuable resource for graduate courses in multivariate analysis. The book requires some knowledge of matrix algebra. Ian Jolliffe is Professor of Statistics at the University of Aberdeen. He is author or co-author of over 60 research papers and three other books. His research interests are broad, but aspects of principal component analysis have fascinated him and kept him busy for over 30 years.}},
}

@Article{Chatterjee,
title={An introduction to the {P}roper {O}rthogonal {D}ecomposition},
author={A. Chatterjee},
journal={Current science},
volume={78(7)},
year={2000},
pages={808-817},
}

@Article{GDDisc,
title={Triangular mesh methods for the neutron transport equation},
author={W.-H. Reed AND T.-R. Hill},
journal={Tech. Report LA-UR-73-479},
note={Los Alamos Scientific Laboratory},
year={1973},
}

@Article{DDAS,
title={Proper Generalized Decomposition based dynamic data-driven control of thermal processes},
author={Ch. Ghnatios AND F. Masson AND A. Huerta AND A. Leygue AND E. Cueto AND F. Chinesta},
journal={Computer Methods in Applied Mechanics and Engineering},
volume={Vol 213-216},
year={2012},
pages={pp 29-41},
}

@Article{Paradigm,
title={Proper Generalized Decomposition in Extreme Simulations: Towards a Change of Paradigm in Computational Mechanics},
author={F. Chinesta AND P. Ladevèze AND A. Ammar AND E. Cueto AND A. Nouy},
journal={IACM expressions},
volume={No 26},
year={2009},
pages={pp 2-7},
}
@Article{ERMT,
title={Equivalent reduced model technique development for nonlinear system dynamic response},
author={L. Thibault AND P. Avitabile AND J. Foley AND J. Wolfson},
journal={Mechanical Systems and Signal Processing},
volume={Vol 36},
year={2013},
pages={pp 422–455},
note={Issue 2},
month={Avril},
}
%--------------------------------Non cite
@Article{Overview,
title={An overview of the proper generalized decomposition with applications in computational rheology},
author={F. Chinesta AND A. Ammar AND A. Leygue AND R. Keunings},
journal={Journal of Non-Newtonian Fluid Mechanics},
volume={Vol 166},
year={2011},
pages={pp 578–592},
note={Issue 11},
}
%--------------------------------Non cite
@Article{PARAFAC,
title={Multiparametric response surface construction by means of proper generalized decomposition: An extension of the PARAFAC procedure},
author={F. El Halabi AND D. Gonzalez AND A. Chico-Roca AND M. Doblaré},
journal={Computer Methods in Applied Mechanics and Engineering},
volume={Vol 253},
year={2013},
pages={pp 543–557},
month={Janvier},
}
%--------------------------------Non cite
@Article{Galerkin,
title={Numerical strategies for the Garlerkin-proper generalized decomposition method},
author={A. Falco AND L. Hilario AND N. Montés AND M.C. Mora},
journal={Mathematical and Computer Modelling},
volume={Vol 57},
year={2013},
pages={pp 1694–1702},
month={Avril},
note={Issues 7–8},
}
@Article{Garanteed,
title={Toward garanteed PGD-reduced models},
author={L. Chamoin, P. Ladevèze},
journal={Bytes and Science},
volume={},
year={2012},
pages={},
note={CIMNE Barcelona},
}
@Article{LATINmultiscale,
title={The LATIN multiscale computational method and the Proper Generalized Decomposition},
author={P. Ladevèze AND J.-C. Passieux AND D. Néron},
journal={Computer Methods in Applied Mechanics and Engineering},
volume={Vol 199},
year={2010},
pages={pp 1287–1296},
note={Issues 21–22},
}
@Article{QUIC-SVD,
title={QUIC-SVD: Fast SVD using cosine trees},
author={P. Holmes AND A. Gray AND C.L. Isbell Jr.},
journal={NIPS},
volume={},
year={2008},
pages={pp 673-680},
note={},
}
@Article{Turbulence,
title={Turbulence, Coherent Structures, Dynamical Systems and Symmetry},
author={P. Holmes AND J.L. Lumley AND G. Berkooz},
journal={Cambridge Monographs on Mechanics},
volume={},
year={1996},
pages={},
note={},
}
@book{Analysis,
  title={Principles of {M}athematical {A}nalysis},
  author={Walter Rudin},
  volume={3},
  year={1976},
  publisher={McGraw-Hill New York}
}
@Article{Aster,
title={Réduction de modèle en dynamique linéaire et non linéaire},
author={A. Alarcon},
journal={Documentation du code Aster},
volume={Clé: R5.06.01},
year={},
pages={},
note={},
}
@Article{performante,
title={La méthode PGD appliquée à l'équation de la chaleur non-linéaire : vers une formulation performante},
author={P. Joyot AND N. Bur AND F. Chinesta AND P. Villon},
journal={CSMA},
volume={11ieme Colloque National en Calcul des Structures},
year={2013},
pages={},
month={Mai},
}
@Article{fonderie,
title={Méthode PGD pour non linéarité matériaux appliquée à la fonderie},
author={P. Despret AND J.-L. Dulong AND F. Druesne AND P. Villon},
journal={CSMA},
volume={11ieme Colloque National en Calcul des Structures},
year={2013},
pages={},
month={Mai},
}
@Article{HHT,
title={Analysis of implicit HHt-alpha integration algorithm for real-time hybrid simulation},
author={C. Chen AND J. Ricles},
journal={Earthquake engineering and structural dynamics},
volume={41},
year={2012},
pages={pp 1021-1041},
month={},
}
@Article{HHT2,
title={Improved Numerical Dissipation for the time integration algorithms in structural dynamics},
author={H. Hilber AND T. Hughes AND R. Taylor},
journal={Earthquake engineering and structural dynamics},
volume={Vol 5},
year={1977},
pages={pp 283-292},
month={},
}
@PhDThesis{Condensation,
title = {Contrôle modale de strucutres à partir d'un modèle condensé expérimental, application à un rotor sur paliers magnétiques actifs},
author = {Xavier de Lepine},
school = {Institut National des Sciences Appliquées de Lyon},
year = {2006}}

@article{ladeveze1989latin,
author = {Ladev\`{e}ze, P},
journal = {CR Acad Sci Paris},
number = {1095-1099},
title = {{The large time increment method for the analyze of structures with nonlinear constitutive relation described by internal variables}},
volume = {309},
year = {1989}
}

@article{ladeveze1985famille,
author = {Ladev\`{e}ze, P},
journal = {Comptes-rendus des s\{\'{e}\}ances de l'Acad\{\'{e}\}mie des sciences. S\{\'{e}\}rie 2, M\{\'{e}\}canique-physique, chimie, sciences de l'univers, sciences de la terre},
number = {2},
pages = {41--44},
publisher = {Gauthier-Villars},
title = {{Sur une famille d'algorithmes en m\{\'{e}\}canique des structures}},
volume = {300},
year = {1985}
}

@article{kittler1973new,
  title={A new approach to feature selection based on the Karhunen-Loeve expansion},
  author={Josef Kittler AND Peter C. Young},
  journal={Pattern Recognition},
  volume={5},
  number={4},
  pages={335--352},
  year={1973},
  publisher={Elsevier}
}

@article{boucinha2013space,
  title={Space--time proper generalized decompositions for the resolution of transient elastodynamic models},
  author={Lucas Boucinha and Anthony Gravouil and Amine Ammar},
  journal={Computer Methods in Applied Mechanics and Engineering},
  volume={255},
  pages={67--88},
  year={2013},
  publisher={Elsevier}
}

@article{allemang2003modal,
  title={The modal assurance criterion--twenty years of use and abuse},
  author={Randall J. Allemang},
  journal={Sound and vibration},
  volume={37},
  number={8},
  pages={14--23},
  year={2003}
}

@article{nouy2010priori,
  title={A priori model reduction through proper generalized decomposition for solving time-dependent partial differential equations},
  author={Anthony Nouy},
  journal={Computer Methods in Applied Mechanics and Engineering},
  volume={199},
  number={23},
  pages={1603--1626},
  year={2010},
  publisher={Elsevier}
}

@article{barbarulo2014proper,
  title={Proper generalized decomposition applied to linear acoustic: a new tool for broad band calculation},
  author={Barbarulo, Andrea and Ladev{\`e}ze, Pierre and Riou, Herv{\'e} and Kovalevsky, Louis},
  journal={Journal of Sound and Vibration},
  volume={333},
  number={11},
  pages={2422--2431},
  year={2014},
  publisher={Elsevier}
}