
\usepackage[utf8]{inputenc}
\usepackage[francais]{babel}
\usepackage[T1]{fontenc}
  
@Article{ShortReview,
title={A Short Review on Model Order Based on Proper Generalized Decomposition},
author={F. Chinesta AND P. Ladevèze AND E. Cueto},
journal={Computational Methods in Engineering},
volume={Vol 18},
year={2011},
pages={pp 395-404},
note={Issue 4},
}
@Article{DDAS,
title={Proper Generalized Decomposition based dynamic data-driven control of thermal processes},
author={Ch. Ghnatios AND F. Masson AND A. Huerta AND A. Leygue AND E. Cueto AND F. Chinesta},
journal={Computer Methods in Applied Mechanics and Engineering},
volume={Vol 213-216},
year={2012},
pages={pp 29-41},
}
@Article{LATIN1,
title={Sur une famille d'algorithmes en Mécanique des structures},
author={P. Ladevèze AND G. Duvaut},
journal={Compte rendu de l'académie des Sciences},
volume={Vol 300},
year={1985},
pages={pp 41-44},
note={No. 2},
}
@Article{LATIN2,
title={La méthode à grand incrément de temps pour l'analyse de structures à comportement non linéaire décrit par variables internes},
author={P. Ladevèze},
journal={Compte rendu de l'académie des Sciences},
volume={Vol 309},
year={1989},
pages={pp 1095-1099},
note={No. 2},
}
@Article{Paradigm,
title={Proper Generalized Decomposition in Extreme Simulations: Towards a Change of Paradigm in Computational Mechanics},
author={F. Chinesta AND P. Ladevèze AND A. Ammar AND E. Cueto AND A. Nouy},
journal={IACM expressions},
volume={No 26},
year={2009},
pages={pp 2-7},
}
@Article{ERMT,
title={Equivalent reduced model technique development for nonlinear system dynamic response},
author={L. Thibault AND P. Avitabile AND J. Foley AND J. Wolfson},
journal={Mechanical Systems and Signal Processing},
volume={Vol 36},
year={2013},
pages={pp 422–455},
note={Issue 2},
month={Avril},
}
%--------------------------------Non cite
@Article{Overview,
title={An overview of the proper generalized decomposition with applications in computational rheology},
author={F. Chinesta AND A. Ammar AND A. Leygue AND R. Keunings},
journal={Journal of Non-Newtonian Fluid Mechanics},
volume={Vol 166},
year={2011},
pages={pp 578–592},
note={Issue 11},
}
%--------------------------------Non cite
@Article{PARAFAC,
title={Multiparametric response surface construction by means of proper generalized decomposition: An extension of the PARAFAC procedure},
author={F. El Halabi AND D. Gonzalez AND A. Chico-Roca AND M. Doblaré},
journal={Computer Methods in Applied Mechanics and Engineering},
volume={Vol 253},
year={2013},
pages={pp 543–557},
month={Janvier},
}
%--------------------------------Non cite
@Article{Galerkin,
title={Numerical strategies for the Garlerkin-proper generalized decomposition method},
author={A. Falco AND L. Hilario AND N. Montés AND M.C. Mora},
journal={Mathematical and Computer Modelling},
volume={Vol 57},
year={2013},
pages={pp 1694–1702},
month={Avril},
note={Issues 7–8},
}
@Article{Garanteed,
title={Toward garanteed PGD-reduced models},
author={L. Chamoin, P. Ladevèze},
journal={Bytes and Science},
volume={},
year={2012},
pages={},
note={CIMNE Barcelona},
}
@Article{Chatterjee,
title={An introduction to the proper orthogonal decomposition},
author={A. Chatterjee},
journal={Current science},
volume={Vol 78 N°7},
year={2000},
pages={pp 808-817},
}
@Article{LATINmultiscale,
title={The LATIN multiscale computational method and the Proper Generalized Decomposition},
author={P. Ladevèze AND J.-C. Passieux AND D. Néron},
journal={Computer Methods in Applied Mechanics and Engineering},
volume={Vol 199},
year={2010},
pages={pp 1287–1296},
note={Issues 21–22},
}
@Article{QUIC-SVD,
title={QUIC-SVD: Fast SVD using cosine trees},
author={P. Holmes AND A. Gray AND C.L. Isbell Jr.},
journal={NIPS},
volume={},
year={2008},
pages={pp 673-680},
note={},
}
@Article{Turbulence,
title={Turbulence, Coherent Structures, Dynamical Systems and Symmetry},
author={P. Holmes AND J.L. Lumley AND G. Berkooz},
journal={Cambridge Monographs on Mechanics},
volume={},
year={1996},
pages={},
note={},
}
%--------------------------------Non cite
@Article{Analysis,
title={Principles of Mathematical Analysis},
author={W. Rudin},
journal={International Series in Pure and Applied Mathematics},
volume={},
year={1976},
pages={},
note={$3\ieme$ edition},
}
@Article{Aster,
title={Réduction de modèle en dynamique linéaire et non linéaire},
author={A. Alarcon},
journal={Documentation du code Aster},
volume={Clé: R5.06.01},
year={},
pages={},
note={},
}
@Article{performante,
title={La méthode PGD appliquée à l'équation de la chaleur non-linéaire : vers une formulation performante},
author={P. Joyot AND N. Bur AND F. Chinesta AND P. Villon},
journal={CSMA},
volume={11ieme Colloque National en Calcul des Structures},
year={2013},
pages={},
month={Mai},
}
@Article{fonderie,
title={Méthode PGD pour non linéarité matériaux appliquée à la fonderie},
author={P. Despret AND J.-L. Dulong AND F. Druesne AND P. Villon},
journal={CSMA},
volume={11ieme Colloque National en Calcul des Structures},
year={2013},
pages={},
month={Mai},
}
@Article{HHT,
title={Analysis of implicit HHt-alpha integration algorithm for real-time hybrid simulation},
author={C. Chen AND J. Ricles},
journal={Earthquake engineering and structural dynamics},
volume={41},
year={2012},
pages={pp 1021-1041},
month={},
}
@Article{HHT2,
title={Improved Numerical Dissipation for the time integration algorithms in structural dynamics},
author={H. Hilber AND T. Hughes AND R. Taylor},
journal={Earthquake engineering and structural dynamics},
volume={Vol 5},
year={1977},
pages={pp 283-292},
month={},
}
@PhDThesis{Condensation,
title = {Contrôle modale de strucutres à partir d'un modèle condensé expérimental, application à un rotor sur paliers magnétiques actifs},
author = {Xavier de Lepine},
school = {Institut National des Sciences Appliquées de Lyon},
year = {2006}}