\usepackage[utf8]{inputenc}
\usepackage[francais]{babel}
\usepackage[T1]{fontenc}
  
@book{Creation,
title={Nonlinear Computational Structural Mechanics - New Approaches and Non-Incremental Methods of Calculation},
author={Ladeveze P.},
publisher={Springer-Verlag},
address={New York},
year={1999},
}

@Article{ShortReview,
title={A Short Review on Model Order Based on {P}roper {G}eneralized {D}ecomposition},
author={Chinesta F. AND Ladeveze P. AND Cueto E.},
journal={Computational Methods in Engineering},
volume={18(4)},
year={2011},
pages={395-404},
}

@Article{ElasticVisco,
title={A model reduction technique based on the {PGD} for elastic-viscoplastic computational analysis},
author={Relun N. AND Neron D. AND Boucard P.A.},
journal={Computational Mechanics},
volume={51},
year={2013},
pages={83-92},
}

@Article{Parametrized,
title={A rational strategy for the resolution of parametrized problems in the {PGD} framework},
author={Heyberger C. AND Boucard P.A. AND Neron D.},
journal={Computer Methods in Applied Mechanics \& Engineering},
volume={259},
year={2013},
pages={40-49},
}

@Article{Multidimensional,
title={Recent Advances And New Challenges In the Use Of The {P}roper {G}eneralized {D}ecomposition For Solving Multidimensional Models},
author={Chinesta F. AND Ammar A. AND Cueto E.},
journal={Archives of Computational Methods in Engineering},
volume={17},
year={2009},
pages={327-350},
}

@Article{Chatterjee,
title={An introduction to the {P}roper {O}rthogonal {D}ecomposition},
author={A. Chatterjee},
journal={Current science},
volume={78(7)},
year={2000},
pages={808-817},
}

@Article{GDDisc,
title={Triangular mesh methods for the neutron transport equation},
author={Reed W.H. AND Hill T.R.},
journal={Tech. Report LA-UR-73-479},
note={Los Alamos Scientific Laboratory},
year={1973},
}